<record><leader>00000cas a22000007a 4500</leader><controlfield tag="001">2701739</controlfield><controlfield tag="008">770126d18921894akuwr ne      0    0eng  </controlfield><controlfield tag="009">466</controlfield><datafield ind1=" " ind2=" " tag="010"><subfield code="a">sn 84021907 </subfield><subfield code="z">   76646231 </subfield></datafield><datafield ind1=" " ind2=" " tag="040"><subfield code="a">DLC</subfield><subfield code="b">eng</subfield><subfield code="c">DLC</subfield><subfield code="d">NPA</subfield><subfield code="d">DLC</subfield><subfield code="d">YOX</subfield><subfield code="d">ANE</subfield><subfield code="d">CNK</subfield><subfield code="d">DLC</subfield><subfield code="d">OCLCQ</subfield><subfield code="d">AQM</subfield><subfield code="d">DLC</subfield><subfield code="d">OCLCF</subfield></datafield><datafield ind1=" " ind2=" " tag="019"><subfield code="a">244153498</subfield></datafield><datafield ind1="1" ind2=" " tag="029"><subfield code="a">AU@</subfield><subfield code="b">000025813229</subfield></datafield><datafield ind1=" " ind2=" " tag="042"><subfield code="a">msc</subfield></datafield><datafield ind1=" " ind2=" " tag="043"><subfield code="a">n-us-ak</subfield></datafield><datafield ind1="0" ind2=" " tag="130"><subfield code="a">Alaska herald (Sitka, Alaska)</subfield></datafield><datafield ind1="1" ind2="4" tag="245"><subfield code="a">The Alaska herald.</subfield></datafield><datafield ind1=" " ind2=" " tag="260"><subfield code="a">Sitka, Alaska :</subfield><subfield code="b">W.B. Porter,</subfield><subfield code="c">1892-1894.</subfield></datafield><datafield ind1=" " ind2=" " tag="300"><subfield code="a">v.</subfield></datafield><datafield ind1=" " ind2=" " tag="310"><subfield code="a">Weekly</subfield></datafield><datafield ind1="0" ind2=" " tag="362"><subfield code="a">Vol. 1, no. 1 (June 27, 1892)-v. 3, no. 15 (Sept. 29, 1894).</subfield></datafield><datafield ind1=" " ind2="0" tag="651"><subfield code="a">Sitka (Alaska)</subfield><subfield code="v">Newspapers.</subfield></datafield><datafield ind1=" " ind2="7" tag="655"><subfield code="a">Newspapers.</subfield><subfield code="2">rbgenr</subfield></datafield><datafield ind1=" " ind2="7" tag="655"><subfield code="a">Newspapers.</subfield><subfield code="2">fast</subfield><subfield code="0">(OCoLC)fst01423814</subfield></datafield><datafield ind1=" " ind2="7" tag="651"><subfield code="a">Alaska</subfield><subfield code="z">Sitka.</subfield><subfield code="2">fast</subfield><subfield code="0">(OCoLC)fst01218734</subfield></datafield><datafield ind1=" " ind2=" " tag="752"><subfield code="a">United States</subfield><subfield code="b">Alaska</subfield><subfield code="d">Sitka.</subfield></datafield><datafield ind1="0" ind2="4" tag="785"><subfield code="t">Alaskan (Sitka, Alaska)</subfield><subfield code="w">(DLC)sn 84021906</subfield><subfield code="w">(OCoLC)2701810</subfield></datafield></record>